@Article{Indraratnaetal1998,
author		= "B. {Indraratna} and D. {Ionescu} and H. D. {Christie}",
title		= "Shear Behavior of Railway Ballast Based on Large-Scale Triaxial Tests",
journal		= "Journal of Geotechnical and Geoenvironmental Engineering",
year			= {1998},
volume		= {124},
number		= {5},
pages		= {439--449}
}

@Article{Cho&Dodds&Santamarina2006,
author		= "G.-C. {Cho} and J. {Dodds} and J. C. {Santamarina}",
title		= "Particle Shape Effects on Packing Density, Stiffness, and Strength: Natural and Crushed Sands",
journal		= "Journal of Geotechnical and Geoenvironmental Engineering",
year			= {2006},
volume		= {132},
number		= {5},
pages		= {591--602}
}

@Article{fleischmannetalJCND2015,
  author = {J. {Fleischmann} and R. {Serban} and D. {Negrut} and P. {Jayakumar}},
  title = {On the Importance of Displacement History in Soft-Body Contact Models},
  journal = {Journal of Computational and Nonlinear Dynamics},
  year = {2016},
  volume = {11},
  number = {4},
  pages = {044502--1--5}
}%  note = {published online Nov 13, 2015, doi: 10.1115/1.4031197}

@Article{fleischmannetalGEGE2014,
author		= {J. A. {Fleischmann} and M. E. {Plesha} and W. J. {Drugan}},
title		= {Determination of Yield Surfaces for Isotropic Non-Cohesive Particulate Materials by the Discrete Element Method},
journal		= {Geotechnical and Geological Engineering},
year			= {2014},
volume		= {32},
number		= {4},
pages		= {1081--1100}
}

@Article{ModelFidelity2016,
  Title    		    = {A Study on Model Fidelity for Model Predictive Control-Based Obstacle Avoidance in High-Speed Autonomous Ground Vehicles},
  Author                = {J. {Liu} and P. {Jayakumar} and J. L. {Stein} and T. {Ersal}},
  Journal 		    = {Vehicle System Dynamics},
  Year		    = {2016}
}

%not an article, needs to be changed
@Article{ModelFidelity2013,
  Title    		    = {The role of model fidelity in model predictive control based hazard avoidance in unmanned ground vehicles using LIDAR sensors},
  Author                = {J. {Liu} and P. {Jayakumar} and J. L. {Stein} and T. {Ersal} and J. L. {Overholt}},
  Journal 		    = {Dynamic Systems and Control Conference},
  Year		    = {2013}
}
%J. Liu, P. Jayakumar, J. L. Overholt, J. L. 
%Stein, and T. Ersal, “The role of model fidelity in model predictive control based hazard avoidance in unmanned ground vehicles using LIDAR sensors”, in Dynamic Systems and Control Conference (DSCC), 2013.

%not an article, needs to be changed
@Article{RollStudies2007,
  Title    		    = {Understanding the limitations of different vehicle models for roll  dynamics studies},
  Author                =  {T. {Shim} and C. {Ghike}},
  Journal 		    = {Vehicle System Dynamics},
  Year		    = {2007}
}
%Shim T, Ghike C. Understanding the 
%limitations of different vehicle models for roll  dynamics studies. Veh. Syst. Dyn. 2007;45:191-216.

@misc{projectChronoWebSite,
  author = {\relax {Project} {\CHRONO}},
  title = {{\CHRONO}: {An Open Source Framework for the Physics-Based Simulation of Dynamic Systems}},
  howpublished = {\url{http://projectchrono.org}},
  note = {Accessed: 2016-03-07}
}

@InCollection{Chrono2016,
  Title                    = {{Chrono}: An open source multi-physics dynamics engine},
  Author                   = {Tasora, A. and Serban, R. and Mazhar, H. and Pazouki, A. and Melanz, D. and Fleischmann, J. and Taylor, M. and Sugiyama, H. and Negrut, D.},
  Booktitle                = {{High Performance Computing in Science and Engineering -- Lecture Notes in Computer Science}},
  Publisher                = {Springer},
  Year                     = {2016},
  Editor                   = {Kozubek, T.},
  Pages                    = {19--49}
}

@TECHREPORT{ChronoVehicle_TR,
	title={{{\CHRONO}::Vehicle -- Template-Based Ground Vehicle Modeling and Simulation}},
	author={Serban, R. and Negrut, D.},
  number = {TR-2016-10: \url{http://sbel.wisc.edu/documents/TR-2016-10.pdf}},
  institution = {Simulation-Based Engineering Laboratory, University of Wisconsin-Madison},
	year = {2016}
}

@TECHREPORT{DVI_TR,
  title={{Posing Multibody Dynamics with Friction and Contact as a Differential Algebraic Inclusion Problem}},
  author={Negrut, D. and Serban, R.}, 
  number = {TR-2016-12: \url{http://sbel.wisc.edu/documents/TR-2016-12.pdf}},
  institution = {Simulation-Based Engineering Laboratory, University of Wisconsin-Madison},
  url = {\url{http://sbel.wisc.edu/documents/TR-2016-12.pdf}},
  year = {2016}
}

@incollection{moreau2011unilateral,
  title={On unilateral constraints, friction and plasticity},
  author={Moreau, J.J.},
  booktitle={New variational techniques in mathematical physics},
  pages={171--322},
  year={2011},
  publisher={Springer}
}

@Conference{cundall71,
  Title                    = {A computer model for simulating progressive large-scale movements in block rock mechanics},
  Author                   = {P. Cundall },
  Booktitle                = {Proceedings of the International Symposium on Rock Mechanics. Nancy, France},
  Year                     = {1971}
}

@Book{johnson1987contact,
  Title                    = {Contact mechanics},
  Author                   = {Johnson, K.L.},
  Publisher                = {{Cambridge University Press}},
  Year                     = {1987}
}

@Book{wong93,
  Title                    = {Theory of ground vehicles},
  Author                   = {Wong, J. Y.},
  Publisher                = {J. Wiley},
  Year                     = {1993},

  Address                  = {New York, N.Y.},
  Edition                  = {2nd},

  ISBN                     = {0471524964 (acid-free paper)},
  Pages                    = {xxvii, 435 p.},
  Type                     = {Book}
}


%% Sources for Literature Review
%==========================================================================

@Article{Khatib1986,
author		= O. {Khatib},
title		= {Real-Time Obstacle Avoidance for Manipulators and Mobile Robots},
journal		= {The International Journal of Robotics Research},
year			= {1986},
volume		= {5},
number		= {1},
pages		= {90-98}
}

@Article{Rimon&Koditschek1992,
author		= E. {Rimon} and D. E. {Koditschek},
title		= {Exact Robot Navigation Using Artificial Potential Functions},
journal		= {IEEE Transactions on Robotics and Automation},
year			= {1992},
volume		= {8},
number		= {5},
pages		= {501-518}
}

@Article{Borenstein&Koren1991,
author		=J. {Borenstein} and Y. {Koren},
title		= {The Vector Field HIstogram - Fast Obstacle Avoidance for Mobile Robots},
journal		= {IEEE Journal of Robotics and Automation},
year			= {1991},
volume		= {7},
number		= {3},
pages		= {278-288}
}

@Article{Gong&Duan2009,
author		= O. {Khatib},
title		= {Real-Time Obstacle Avoidance for Manipulators and Mobile Robots},
journal		= {IEEE Intelligent Vehicles Symposium},
year			= {2009},
pages		= {417-424}
}

@Article{Fox1986,
author		=D. {Fox} and W. {Burgard} and S. {Thrun},
title		= {The Dynamic Window Approach to Collision Avoidance},
journal		= {IEEE Robotics & Automation Magazine},
year			= {1997},
month	        = {March}
pages		= {23-33}
}

@Conference{Brock&Khatib1999,
author		= O. {Brock} and O. {Khatib},
title		= {High-Speed Navigation Using the Global Dynamic Window Approach},
booktitle		= {Proceedings of the 1999 IEEE International Conference on Robotics & Automation},
year			= {1999},
pages		= {341-346}
}

@Conference{Kunchev1999,
author		= V. {Kunchev} and L. {Jain} and V. {Ivancevic} and A. {Finn},
title		= {Path Planning and Obstacle Avoidance for Autonomous Mobile Robots: A Review},
booktitle		= {The Knowledge-Based Intelligent Information and Engineering Systems Conference},
year			= {2006},
pages		= {537-544}
}

@Article{Shimoda&Kuroda&Iagnemma2007,
author		=S. {Shimoda} and Y. {Kuroda} and K. {Iagnemma},
title		= {HIgh-Speed Navigation of Unmanned Ground Vehicles on Uneven Terrain using Potential Fields},
journal		= {Robotica},
year			= {2007},
volume		= {25}
pages		= {409-424}
}

@Conference{Koren&Borenstein1991,
author		= Y. {Koren} and J. {Borenstein},
title		= {Potential Field Methods and Their Inherent Limitations for Mobile Robot Navigation},
booktitle		= {Proceedings of the IEEE Conference on Robotics and Automation},
year			= {1991},
pages		= {1398-1404}
}

@Conference{Allgower&Findeisen2002,
author		= F. {Allgower} and R. {Findeisen},
title		= {An Introduction to NonLinear Model Predictive Control},
booktitle		= {21st Benelux Meeting on Systems and Control},
year			= {2002},
}

